%% This document is a bibtex export of HAL publication
%% Date of the export : 02/05/2012
%% Criteria : Author : 'friggeri'

%%
%% inria-00490195, version 2
%% http://hal.inria.fr/inria-00490195
%%

@article{largesetsroughpatterns,
  AUTHOR = {Jacob Denson and Malabika Pramanik and Joshua Zahl},
  TITLE = {Large Sets Avoiding Rough Patterns},
  JOURNAL = {{Accepted for Publication in Springer Series Harmonic Analysis and Applications}},
  YEAR = {2019},
  MONTH = {Submitted Apr},
  URL = {https://arxiv.org/abs/1904.02337}
}

@article{notesfromthemargin,
  AUTHOR = {Jacob Denson},
  TITLE = {Proofs in Three Bits or Less (Expository Article)},
  JOURNAL = {CMS Notes from the Margin},
  YEAR = {2018},
  MONTH = {Mar},
  URL = {https://issuu.com/cms-studc/docs/margin-spring2018}
}